%UKDA jegyzet
@inbook{brassai2018ukda,
  title={Újrakonfigurálható Digitális Áramkörök Tervezési És Tesztelési Módszerei},
  author={{Brassai Sándor Tihamér}},
  pages={125--143},
  year={2018},
  publisher={Scientia}
}

@misc{vhdlguru2010bram,
  title={Design and simulation of BRAM using Xilinx Core generator},
  author={{Vipin from vhdlguru.blogspot.com}},
  year={2010},
  url={http://vhdlguru.blogspot.com/2010/10/design-and-simulation-of-bram-using.html}
}

@misc{vhdlguru2010bramcoe,
  title={How to use coe file for initializing BRAM},
  author={{Vipin from vhdlguru.blogspot.com}},
  year={2010},
  url={https://vhdlguru.blogspot.com/2010/10/how-to-use-coe-file-for-initializing.html}
}

@article{neopixel2019adafruit,
  title={Adafruit NeoPixel Überguide},
  author={Phillip Burgess},
  year={2019},
  pages={97--99},
  url={https://learn.adafruit.com/adafruit-neopixel-uberguide}
}

@manual{WS2813datasheet,
  title={WS2813 Intelligent control LED integrated light source},
  author={{Shen JinGuo, Yin HuaPing}},
  url={http://www.world-semi.com}
}